@misc{artFEP,
	author = "Federação Espírita do Paran\'a - FEP",
	title = "O not\'avel Rabban",
	url = "http://www.feparana.com.br/topico/?topico=2521", 
	year = "2016"	
}

@article{art1,
	author = "Leonardo Gon{\c c}alves",
	title = "O conselho de Gamaliel representa o pensamento crist\~ao?",
	url = "https://bereianos.blogspot.com/2009/08/o-conselho-de-gamaliel-representa-o.html",
	year = "2009",
	volume = "8"
}

@misc{ref1,
	author = "Jan Val Ellam",
	title = "Sobre o autor - Biografia",
	url = "https://www.janvalellam.org/sobre-o-autor",
	year = "2021"
}
